<?xml version="1.0" encoding="UTF-8"?><record xmlns="http://www.loc.gov/MARC21/slim" xmlns:cinclude="http://apache.org/cocoon/include/1.0" xmlns:zs="http://www.loc.gov/zing/srw/">
  <leader>00896cz  a2200145n  4500</leader>
  <controlfield tag="001">n 2006182920</controlfield>
  <controlfield tag="003">DLC</controlfield>
  <controlfield tag="005">20120603074810.0</controlfield>
  <controlfield tag="008">060804n| acannaabn          |n aaa      </controlfield>
  <datafield tag="010" ind1=" " ind2=" ">
    <subfield code="a">n 2006182920</subfield>
  </datafield>
  <datafield tag="035" ind1=" " ind2=" ">
    <subfield code="a">(OCoLC)oca07014780</subfield>
  </datafield>
  <datafield tag="040" ind1=" " ind2=" ">
    <subfield code="a">DNLM</subfield>
    <subfield code="b">eng</subfield>
    <subfield code="c">DNLM</subfield>
    <subfield code="d">DNLM</subfield>
  </datafield>
  <datafield tag="100" ind1="1" ind2=" ">
    <subfield code="a">Upshur, Ross</subfield>
  </datafield>
  <datafield tag="670" ind1=" " ind2=" ">
    <subfield code="a">Are clinicians obligated to treat SARS patients, 2003:</subfield>
    <subfield code="b">screen banner (Ross Upshur, MD, MSc.; Univ. of Toronto)</subfield>
  </datafield>
  <datafield tag="670" ind1=" " ind2=" ">
    <subfield code="a">An introduction to global health ethics, 2013:</subfield>
    <subfield code="b">ECIP t.p. (Ross E.G. Upshur) data view (Canada Research chair in Primary Care Research and, at the University of Toronto, he is a professor at the Dept. of Family and Community Medicine and Dalla Lana School of Public Health, adjunct scientist at the Institute of Clinical Evaluative Sciences, an affiliate of the Institute of the History and Philosophy of Science and Technology and a member of the Centre for Environment)</subfield>
  </datafield>
</record>